@book{rumelhart1987parallel,
  title={Parallel distributed processing},
  author={Rumelhart, David E and McClelland, James L and PDP Research Group and others},
  volume={1},
  year={1987},
  publisher={MIT press Cambridge, MA}
}

@article{rumelhart1986learning,
  title={Learning representations by back-propagating errors},
  author={Rumelhart, David E and Hinton, Geoffrey E and Williams, Ronald J},
  journal={nature},
  volume={323},
  number={6088},
  pages={533},
  year={1986},
  publisher={Nature Publishing Group}
}

@article{brown1993mathematics,
  title={The mathematics of statistical machine translation: Parameter estimation},
  author={Brown, Peter F and Pietra, Vincent J Della and Pietra, Stephen A Della and Mercer, Robert L},
  journal={Computational linguistics},
  volume={19},
  number={2},
  pages={263--311},
  year={1993},
  publisher={MIT Press}
}

@article{deerwester1990indexing,
  title={Indexing by latent semantic analysis},
  author={Deerwester, Scott and Dumais, Susan T and Furnas, George W and Landauer, Thomas K and Harshman, Richard},
  journal={Journal of the American society for information science},
  volume={41},
  number={6},
  pages={391},
  year={1990},
  publisher={American Documentation Institute}
}

@article{blei2003latent,
  title={Latent dirichlet allocation},
  author={Blei, David M and Ng, Andrew Y and Jordan, Michael I},
  journal={Journal of machine Learning research},
  volume={3},
  number={Jan},
  pages={993--1022},
  year={2003}
}

@article{bengio2003neural,
  title={A neural probabilistic language model},
  author={Bengio, Yoshua and Ducharme, R{\'e}jean and Vincent, Pascal and Jauvin, Christian},
  journal={Journal of machine learning research},
  volume={3},
  number={Feb},
  pages={1137--1155},
  year={2003}
}

@article{mikolov2013efficient,
  title={Efficient estimation of word representations in vector space},
  author={Mikolov, Tomas and Chen, Kai and Corrado, Greg and Dean, Jeffrey},
  journal={arXiv preprint arXiv:1301.3781},
  year={2013}
}

@inproceedings{mikolov2013distributed,
  title={Distributed representations of words and phrases and their compositionality},
  author={Mikolov, Tomas and Sutskever, Ilya and Chen, Kai and Corrado, Greg S and Dean, Jeff},
  booktitle={Advances in neural information processing systems},
  pages={3111--3119},
  year={2013}
}

@inproceedings{pennington2014glove,
  title={Glove: Global vectors for word representation},
  author={Pennington, Jeffrey and Socher, Richard and Manning, Christopher},
  booktitle={Proceedings of the 2014 conference on empirical methods in natural language processing (EMNLP)},
  pages={1532--1543},
  year={2014}
}

@inproceedings{collobert2008unified,
  title={A unified architecture for natural language processing: Deep neural networks with multitask learning},
  author={Collobert, Ronan and Weston, Jason},
  booktitle={Proceedings of the 25th international conference on Machine learning},
  pages={160--167},
  year={2008},
  organization={ACM}
}

@inproceedings{yang2017simple,
  title={A Simple Regularization-based Algorithm for Learning Cross-Domain Word Embeddings},
  author={Yang, Wei and Lu, Wei and Zheng, Vincent},
  booktitle={Proceedings of the 2017 Conference on Empirical Methods in Natural Language Processing},
  pages={2898--2904},
  year={2017}
}

@article{faruqui2014retrofitting,
  title={Retrofitting word vectors to semantic lexicons},
  author={Faruqui, Manaal and Dodge, Jesse and Jauhar, Sujay K and Dyer, Chris and Hovy, Eduard and Smith, Noah A},
  journal={arXiv preprint arXiv:1411.4166},
  year={2014}
}

@inproceedings{speer2017conceptnet,
  title={ConceptNet 5.5: An Open Multilingual Graph of General Knowledge.},
  author={Speer, Robert and Chin, Joshua and Havasi, Catherine},
  booktitle={AAAI},
  pages={4444--4451},
  year={2017}
}

@article{mrkvsic2017semantic,
  title={Semantic specialisation of distributional word vector spaces using monolingual and cross-lingual constraints},
  author={Mrk{\v{s}}i{\'c}, Nikola and Vuli{\'c}, Ivan and S{\'e}aghdha, Diarmuid {\'O} and Leviant, Ira and Reichart, Roi and Ga{\v{s}}i{\'c}, Milica and Korhonen, Anna and Young, Steve},
  journal={arXiv preprint arXiv:1706.00374},
  year={2017}
}

@inproceedings{levy2014dependency,
  title={Dependency-based word embeddings},
  author={Levy, Omer and Goldberg, Yoav},
  booktitle={Proceedings of the 52nd Annual Meeting of the Association for Computational Linguistics (Volume 2: Short Papers)},
  volume={2},
  pages={302--308},
  year={2014}
}

@article{melamud2016role,
  title={The role of context types and dimensionality in learning word embeddings},
  author={Melamud, Oren and McClosky, David and Patwardhan, Siddharth and Bansal, Mohit},
  journal={arXiv preprint arXiv:1601.00893},
  year={2016}
}

@inproceedings{yatbaz2012learning,
  title={Learning syntactic categories using paradigmatic representations of word context},
  author={Yatbaz, Mehmet Ali and Sert, Enis and Yuret, Deniz},
  booktitle={Proceedings of the 2012 Joint Conference on Empirical Methods in Natural Language Processing and Computational Natural Language Learning},
  pages={940--951},
  year={2012},
  organization={Association for Computational Linguistics}
}

@inproceedings{tissier2017dict2vec,
  title={Dict2vec: Learning Word Embeddings using Lexical Dictionaries},
  author={Tissier, Julien and Gravier, Christophe and Habrard, Amaury},
  booktitle={Conference on Empirical Methods in Natural Language Processing (EMNLP 2017)},
  pages={254--263},
  year={2017}
}

@article{peters2018deep,
  title={Deep contextualized word representations},
  author={Peters, Matthew E and Neumann, Mark and Iyyer, Mohit and Gardner, Matt and Clark, Christopher and Lee, Kenton and Zettlemoyer, Luke},
  journal={arXiv preprint arXiv:1802.05365},
  year={2018}
}

@inproceedings{schnabel2015evaluation,
  title={Evaluation methods for unsupervised word embeddings},
  author={Schnabel, Tobias and Labutov, Igor and Mimno, David and Joachims, Thorsten},
  booktitle={Proceedings of the 2015 Conference on Empirical Methods in Natural Language Processing},
  pages={298--307},
  year={2015}
}

@techreport{the-microsoft-research-sentence-completion-challenge,
	author = {Zweig, Geoffrey and Burges, Chris J.C.},
	title = {The Microsoft Research Sentence Completion Challenge},
	booktitle = {},
	year = {2011},
	month = {December},
	publisher = {},
	url = {https://www.microsoft.com/en-us/research/publication/the-microsoft-research-sentence-completion-challenge/},
	address = {},
	pages = {},
	journal = {},
	volume = {},
	chapter = {},
	isbn = {},
}

@inproceedings{tsvetkov2015evaluation,
  title={Evaluation of word vector representations by subspace alignment},
  author={Tsvetkov, Yulia and Faruqui, Manaal and Ling, Wang and Lample, Guillaume and Dyer, Chris},
  booktitle={Proceedings of the 2015 Conference on Empirical Methods in Natural Language Processing},
  pages={2049--2054},
  year={2015}
}

@article{levy2015improving,
  title={Improving distributional similarity with lessons learned from word embeddings},
  author={Levy, Omer and Goldberg, Yoav and Dagan, Ido},
  journal={Transactions of the Association for Computational Linguistics},
  volume={3},
  pages={211--225},
  year={2015}
}

@inproceedings{goikoetxea2015random,
  title={Random walks and neural network language models on knowledge bases},
  author={Goikoetxea, Josu and Soroa, Aitor and Agirre, Eneko},
  booktitle={Proceedings of the 2015 Conference of the North American Chapter of the Association for Computational Linguistics: Human Language Technologies},
  pages={1434--1439},
  year={2015}
}

@article{neelakantan2015efficient,
  title={Efficient non-parametric estimation of multiple embeddings per word in vector space},
  author={Neelakantan, Arvind and Shankar, Jeevan and Passos, Alexandre and McCallum, Andrew},
  journal={arXiv preprint arXiv:1504.06654},
  year={2015}
}

@book{fellbaum1998wordnet,
  title={WordNet},
  author={Fellbaum, Christiane},
  year={1998},
  publisher={Wiley Online Library}
}

@article{rothe2015autoextend,
  title={Autoextend: Extending word embeddings to embeddings for synsets and lexemes},
  author={Rothe, Sascha and Sch{\"u}tze, Hinrich},
  journal={arXiv preprint arXiv:1507.01127},
  year={2015}
}

@article{li2015multi,
  title={Do multi-sense embeddings improve natural language understanding?},
  author={Li, Jiwei and Jurafsky, Dan},
  journal={arXiv preprint arXiv:1506.01070},
  year={2015}
}

@inproceedings{mimno2017strange,
  title={The strange geometry of skip-gram with negative sampling},
  author={Mimno, David and Thompson, Laure},
  booktitle={Proceedings of the 2017 Conference on Empirical Methods in Natural Language Processing},
  pages={2873--2878},
  year={2017}
}

@article{ling2015finding,
  title={Finding function in form: Compositional character models for open vocabulary word representation},
  author={Ling, Wang and Lu{\'\i}s, Tiago and Marujo, Lu{\'\i}s and Astudillo, Ram{\'o}n Fernandez and Amir, Silvio and Dyer, Chris and Black, Alan W and Trancoso, Isabel},
  journal={arXiv preprint arXiv:1508.02096},
  year={2015}
}

@inproceedings{zhang2015character,
  title={Character-level convolutional networks for text classification},
  author={Zhang, Xiang and Zhao, Junbo and LeCun, Yann},
  booktitle={Advances in neural information processing systems},
  pages={649--657},
  year={2015}
}

@inproceedings{mccann2017learned,
  title={Learned in translation: Contextualized word vectors},
  author={McCann, Bryan and Bradbury, James and Xiong, Caiming and Socher, Richard},
  booktitle={Advances in Neural Information Processing Systems},
  pages={6297--6308},
  year={2017}
}

@inproceedings{mikolov2010recurrent,
  title={Recurrent neural network based language model},
  author={Mikolov, Tom{\'a}{\v{s}} and Karafi{\'a}t, Martin and Burget, Luk{\'a}{\v{s}} and {\v{C}}ernock{\`y}, Jan and Khudanpur, Sanjeev},
  booktitle={Eleventh Annual Conference of the International Speech Communication Association},
  year={2010}
}

@inproceedings{mikolov2011extensions,
  title={Extensions of recurrent neural network language model},
  author={Mikolov, Tom{\'a}{\v{s}} and Kombrink, Stefan and Burget, Luk{\'a}{\v{s}} and {\v{C}}ernock{\`y}, Jan and Khudanpur, Sanjeev},
  booktitle={Acoustics, Speech and Signal Processing (ICASSP), 2011 IEEE International Conference on},
  pages={5528--5531},
  year={2011},
  organization={IEEE}
}

@article{yang2017breaking,
  title={Breaking the softmax bottleneck: a high-rank RNN language model},
  author={Yang, Zhilin and Dai, Zihang and Salakhutdinov, Ruslan and Cohen, William W},
  journal={arXiv preprint arXiv:1711.03953},
  year={2017}
}

@article{srivastava2014dropout,
  title={Dropout: A simple way to prevent neural networks from overfitting},
  author={Srivastava, Nitish and Hinton, Geoffrey and Krizhevsky, Alex and Sutskever, Ilya and Salakhutdinov, Ruslan},
  journal={The Journal of Machine Learning Research},
  volume={15},
  number={1},
  pages={1929--1958},
  year={2014},
  publisher={JMLR. org}
}

@article{blei2009topic,
  title={Topic models},
  author={Blei, David M and Lafferty, John D},
  journal={Text mining: classification, clustering, and applications},
  volume={10},
  number={71},
  pages={34},
  year={2009},
  publisher={CRC Press}
}

@article{marcus1993building,
  title={Building a large annotated corpus of English: The Penn Treebank},
  author={Marcus, Mitchell P and Marcinkiewicz, Mary Ann and Santorini, Beatrice},
  journal={Computational linguistics},
  volume={19},
  number={2},
  pages={313--330},
  year={1993},
  publisher={MIT Press}
}

@article{merity2016pointer,
  title={Pointer sentinel mixture models},
  author={Merity, Stephen and Xiong, Caiming and Bradbury, James and Socher, Richard},
  journal={arXiv preprint arXiv:1609.07843},
  year={2016}
}

@article{dieng2016topicrnn,
  title={Topicrnn: A recurrent neural network with long-range semantic dependency},
  author={Dieng, Adji B and Wang, Chong and Gao, Jianfeng and Paisley, John},
  journal={arXiv preprint arXiv:1611.01702},
  year={2016}
}

@article{merity2017regularizing,
  title={Regularizing and optimizing LSTM language models},
  author={Merity, Stephen and Keskar, Nitish Shirish and Socher, Richard},
  journal={arXiv preprint arXiv:1708.02182},
  year={2017}
}